@article{doi:10.1080/10447318.2017.1279827,
author = {Radu-Daniel Vatavu},
title = {Visual Impairments and Mobile Touchscreen Interaction: State-of-the-Art, Causes of Visual Impairment, and Design Guidelines},
journal = {International Journal of Humanâ€“Computer Interaction},
volume = {33},
number = {6},
pages = {486-509},
year  = {2017},
publisher = {Taylor & Francis},
doi = {10.1080/10447318.2017.1279827},
URL = {https://doi.org/10.1080/10447318.2017.1279827},
eprint = {https://doi.org/10.1080/10447318.2017.1279827}
}