#references go inside here to reference from the markdown file simply use the @